@inproceedings{lachaudfast2007,
  title = {Fast, accurate and convergent tangent estimation on digital contours},
  author = {Lachaud and al.},
  year={2007},
   booktitle={DGCI}
}
@inproceedings{postolski2012tangent,
  title={Tangent estimation along 3D digital curves.},
  author={Postolski and al.},
  year={2012},
  booktitle={ICPR}
}

@inproceedings{merigot_vcm,
  author={Mérigot and al.},
  title={Voronoi-Based Curvature and Feature Estimation from Point Clouds},
  year={2011},
  booktitle={IEEE Vis. and Comp. Grap.}
}

@inproceedings{Alliez,
 author = {Alliez and Cohen-Steiner and Tong and Desbrun},
 title = {Voronoi-based Variational Reconstruction of Unoriented Point Sets},
 year={2007},
 booktitle={Eurographics}
} 

@inproceedings{Grelard,
 author = {Grélard et al.},
 title = {Precise cross-section estimation on tubular organs},
 year={2015},
 booktitle={CAIP}
} 

@inproceedings{CuelDB14,
  title={Voronoi-Based Geometry Estimator for 3D Digital Surfaces},
  author={Cuel and al.},
  booktitle={DGCI},
  year={2014}
}